<record><leader>00000cas a22000007a 4500</leader><controlfield tag="001">20952201</controlfield><controlfield tag="008">900124d18941uuuaruwr ne      0    0eng d</controlfield><datafield ind1=" " ind2=" " tag="010"><subfield code="a">sn 89051475 </subfield></datafield><datafield ind1=" " ind2=" " tag="040"><subfield code="a">ANU</subfield><subfield code="b">eng</subfield><subfield code="c">ANU</subfield><subfield code="d">OCLCQ</subfield></datafield><datafield ind1=" " ind2=" " tag="042"><subfield code="a">msc</subfield></datafield><datafield ind1="0" ind2="0" tag="245"><subfield code="a">North Arkansas nugget.</subfield></datafield><datafield ind1=" " ind2=" " tag="260"><subfield code="a">Salem, Ark. :</subfield><subfield code="b">Lee Davis</subfield></datafield><datafield ind1=" " ind2=" " tag="300"><subfield code="a">v.</subfield></datafield><datafield ind1=" " ind2=" " tag="310"><subfield code="a">Weekly</subfield></datafield><datafield ind1="1" ind2=" " tag="362"><subfield code="a">Began in 1894?</subfield></datafield><datafield ind1=" " ind2=" " tag="580"><subfield code="a">Merged with: Salem banner (Salem, Ark. : 1890) (non-extant), to form: Banner=nugget.</subfield></datafield><datafield ind1=" " ind2=" " tag="588"><subfield code="a">Description based on: Vol. 2, no. 16 (May 24, 1895).</subfield></datafield><datafield ind1=" " ind2=" " tag="752"><subfield code="a">United States</subfield><subfield code="b">Arkansas</subfield><subfield code="c">Fulton</subfield><subfield code="d">Salem.</subfield></datafield><datafield ind1="1" ind2="7" tag="785"><subfield code="t">Salem banner (Salem, Ark. : 1890)</subfield></datafield><datafield ind1="1" ind2="7" tag="785"><subfield code="t">Banner=nugget</subfield><subfield code="w">(DLC)sn 89051476</subfield></datafield></record>